<?xml version="1.0" encoding="UTF-8"?><collection xmlns="http://www.loc.gov/MARC21/slim"><record><leader>00536nam--2200193-i-4500</leader><controlfield tag="001">000012022</controlfield><controlfield tag="002">20161230</controlfield><controlfield tag="005">20161230201029</controlfield><controlfield tag="008">060222s1000------------r-----000-0-fre-d</controlfield><datafield ind1=" " ind2=" " tag="040"><subfield code="a">IFIN-HH</subfield></datafield><datafield ind1=" " ind2=" " tag="041"><subfield code="a">fre</subfield></datafield><datafield ind1=" " ind2=" " tag="080"><subfield code="a">514.752(075.8)</subfield></datafield><datafield ind1="1" ind2=" " tag="100"><subfield code="a">Bouligand, G</subfield></datafield><datafield ind1="1" ind2="0" tag="245"><subfield code="a">Iniation aux methodes vectorielles et aux applications geometriques de l`analyse</subfield><subfield code="c">G. bouligand, g. rabate</subfield></datafield><datafield ind1=" " ind2=" " tag="260"><subfield code="a">Paris</subfield><subfield code="b">Libtrairie Vuibert</subfield><subfield code="c">1926</subfield></datafield><datafield ind1=" " ind2=" " tag="300"><subfield code="a">215 P</subfield></datafield><datafield ind1="1" ind2=" " tag="700"><subfield code="a">Rabate, G</subfield></datafield><datafield ind1=" " ind2=" " tag="852"><subfield code="a">44486</subfield><subfield code="c">H.H</subfield></datafield><datafield ind1=" " ind2=" " tag="CAT"><subfield code="a">Sys</subfield><subfield code="c">20130409</subfield><subfield code="h">152142</subfield></datafield></record></collection>